@article{aleko2020efficient,
  title={An efficient adaptive traffic light control system for urban road traffic congestion reduction in smart cities},
  author={Aleko, Dex R and Djahel, Soufiene},
  journal={Information},
  volume={11},
  number={2},
  pages={119},
  year={2020},
  publisher={MDPI}
}


@inproceedings{ljubovic2009traffic,
  title={Traffic simulation using agent-based models},
  author={Ljubovi{\'c}, Vedran},
  booktitle={2009 XXII International Symposium on Information, Communication and Automation Technologies},
  pages={1--6},
  year={2009},
  organization={IEEE}
}


@phdthesis{malinauskas2014intelligent,
  title={The intelligent driver model: Analysis and application to adaptive cruise control},
  author={Malinauskas, Rachel M},
  year={2014},
  school={Clemson University}
}


@article{maze2006whether,
  title={Whether weather matters to traffic demand, traffic safety, and traffic operations and flow},
  author={Maze, Thomas H and Agarwal, Manish and Burchett, Garrett},
  journal={Transportation research record},
  volume={1948},
  number={1},
  pages={170--176},
  year={2006},
  publisher={SAGE Publications Sage CA: Los Angeles, CA}
}


@article{nagel1992cellular,
  title={A cellular automaton model for freeway traffic},
  author={Nagel, Kai and Schreckenberg, Michael},
  journal={Journal de physique I},
  volume={2},
  number={12},
  pages={2221--2229},
  year={1992},
  publisher={EDP Sciences}
}


@article{perrin2001modifying,
  title={Modifying signal timing during inclement weather},
  author={Perrin, H and Martin, Peter T and Hansen, Blake G},
  journal={Transportation Research Record},
  volume={1748},
  number={1},
  pages={66--71},
  year={2001},
  publisher={SAGE Publications Sage CA: Los Angeles, CA}
}


@article{schadschneider1993cellular,
  title={Cellular automation models and traffic flow},
  author={Schadschneider, Andreas and Schreckenberg, Michael},
  journal={Journal of Physics A: Mathematical and General},
  volume={26},
  number={15},
  pages={L679},
  year={1993},
  publisher={IOP Publishing}
}


@inproceedings{tisue2004netlogo,
  title={Netlogo: A simple environment for modeling complexity},
  author={Tisue, Seth and Wilensky, Uri},
  booktitle={International conference on complex systems},
  volume={21},
  pages={16--21},
  year={2004},
  organization={Citeseer}
}